<?xml version="1.0" encoding="UTF-8"?><collection xmlns="http://www.loc.gov/MARC21/slim"><record><leader>00390nam--2200133-i-4500</leader><controlfield tag="001">000008871</controlfield><controlfield tag="002">20161230</controlfield><controlfield tag="005">20161230201028</controlfield><controlfield tag="008">060222s1000------------r-----000-0-eng-d</controlfield><datafield ind1=" " ind2=" " tag="080"><subfield code="a">620.1</subfield></datafield><datafield ind1=" " ind2=" " tag="245"><subfield code="a">Astm manual on quality control of materials</subfield></datafield><datafield ind1=" " ind2=" " tag="260"><subfield code="a">Philadelphia, American Society For Testing Materials, 1951. Xii+140 P</subfield></datafield><datafield ind1=" " ind2=" " tag="490"><subfield code="a">Astm-special Technical Publication</subfield></datafield><datafield ind1=" " ind2=" " tag="852"><subfield code="a">30610</subfield></datafield></record></collection>